% This file was created with JabRef 2.9b2.
% Encoding: ISO8859_1

@ARTICLE{Geim2001,
  author = {Geim, A. K. and ter Tisha, H. A. M. S.},
  title = {Detection of earth rotation with a diamagnetically levitating gyroscope},
  journal = {Physica B: Condensed Matter},
  year = {2001},
  volume = {294--295},
  pages = {736--739},
  doi = {10.1016/S0921-4526(00)00753-5},
  quality = {1}
}

@Misc{research-report:v1.0,
  title= {BEPStore research report},
  author= {Heemskerk, B.~J. and Kooyman van Guldener, W.~J. and Sluis, R.~S.},
  howpublished={\url{https://bep-store.gitbooks.io/research-report/content/v/2150f1a398bf5c804626b5f6b2b73c193b92723a/}},
  year={2016},
  note = "Acquired: 13 June 2016",
  publisher={Delft University of Technology}
}

@Misc{research-report:latest,
  title= {BEPStore research report},
  author= {Heemskerk, B.~J. and Kooyman van Guldener, W.~J. and Sluis, R.~S.},
  howpublished={\url{https://bep-store.gitbooks.io/research-report/content/v/2150f1a398bf5c804626b5f6b2b73c193b92723a/}},
  year={2016},
  note = "Acquired: 15 June 2016",
  publisher={Delft University of Technology}
}

@inproceedings{hoffmann2004requirements,
  title={Requirements for requirements management tools},
  author={Hoffmann, Matthias and K{\"u}hn, Nikolaus and Weber, Matthias and Bittner, Margot},
  booktitle={Requirements Engineering Conference, 2004. Proceedings. 12th IEEE International},
  pages={301--308},
  year={2004},
  organization={IEEE}
}

@inproceedings{sig2012,
  title={Standardized Code Quality Benchmarking for Improving Software Maintainability},
  author={Baggen, Robert and Pedro Correia, Jos√© and Schill, Katrin and Visser, Joost},
  howpublished={\url{https://www.sig.eu/files/2414/2797/7376/Standardized_Code_Quality_Benchmarking_for_Improving_Software_Maintainability_preprint.pdf}},
  organization={SIG},
  year={2012}
}

@Misc{moscow2014,
  title={Moscow prioritisation},
  author={\noop{}DSDM Consortium},
  howpublished={\url{https://www.dsdm.org/content/moscow-prioritisation}},
  year={2014}
}
